@misc{openml,
title={OpenML},
url={https://www.openml.org/},
journal={OpenML},
author={Vanschoren, Joaquin}
}

@misc{azure,
title={Cloud computing services| Microsoft Azure},
url={https://azure.microsoft.com/en-gb/},
journal={Azure.microsoft.com},
year={2020} 
}

@misc{openapigithub,
title={OpenAPI},
url={https://github.com/OAI/OpenAPI-Specification/blob/master/versions/3.0.2.md},
journal={GitHub},
year={2020}
}

@misc{Kaggle,
title={Kaggle},
url={https://www.kaggle.com/},
journal={Kaggle},
year={2020}
}

@misc{swagger,
title={Swagger.io},
url={https://swagger.io/},
journal={Swagger.io},
year={2020}
}

@misc{kumar_2020,
title={Data Science Survey},
url={https://www.kaggle.com/sudhirnl7/data-science-survey-2018},
journal={Kaggle.com},
author={Kumar, Sudhir},
year={2020} 
}

@misc{flaskgithub,
title={Flask},
url={https://github.com/pallets/flask},
journal={GitHub},
year={2020}
}

@misc{flaskrestfulgithub,
title={Flask-RESTful},
url={https://github.com/flask-restful/flask-restful},
journal={GitHub},
year={2020} 
}

